%%
%% WinShell 3.3.0.6
%% http://www.winshell.org/
%%

% Strings


% Preamble


% BibTeX Entries
@article{label4399,
 author               = {J.C. van Gemert, J. Geusebroek,  C.J. Veenman, C.G.M. Snoek, A.W.M.Smeulders   },
 journal              = {Unknown Journal},
 note                 = {Learning image categories using Weibull features and color invariant edges to represent texture and othe r natural image statistics},
 title                = {Robust Scene Categorization by Learning Image Statistics in Context},
 year                 = {2010},
 }

@conference{van2006robust,
 author               = {van Gemert, J.C. and Geusebroek, J. and Veenman, C.J. and Snoek, C.G.M. and Smeulders, A.W.M.},
 booktitle            = {2006 Conference on Computer Vision and Pattern Recognition Workshop},
 note                 = {Observations  on 45,000 stock photos of natural images, covering a wide variety of topics, revealed that 60% of all images have strict Weibull-shaped contrast distributions. The remaining percentage of images has a distribution close to Weibull or is highly regular. These images are typically composed of two (or more) parts in the image, each having a distinct Weibull contrast distribution. },
 pages                = {105--105},
 title                = {Robust scene categorization by learning image statistics in context},
 year                 = {2006},
 }

@article{Weibull_6stimulus,
 author               = {Jan-Mark Geusebroek, Arnold W. M. Smeulders},
 journal              = {International Journal of Computer Vision},
 note                 = {Apparently, the Weibull parameters form a six-stimulus basis for stochastic texture description. The results indicate that texture perception can be approached like the experimental science of colorimetry.We have experimentally verified that the Weibull distribution characterizes spatial statistics for ergodic stochastic textures.},
 title                = {A Six-Stimulus Theory for Stochastic Texture },
 year                 = {2005},
 }

@article{Weibull_Brain,
 author               = {H. Steven Scholte Sennay Ghebreab, Lourens Waldorp, Arnold W. M. Smeulders,Victor A. F. Lamme},
 journal              = {Journal of Vision},
 note                 = {UvA research, the brain is capable of approximating the beta and gamma underlying the contrast distribution in natural images},
 title                = {Brain responses strongly correlate with Weibull image statistics when processing natural images},
 year                 = {2009},
 }

@inproceedings{Weibull_Physical,
 author               = {Jan-Mark Geusebroek and Arnold W. M. Smeulders},
 booktitle            = {International Workshop on Texture Analysis and Synthesis},
 note                 = {Observations  on 45,000 stock photos of natural images, covering a wide variety of topics, revealed that 60% of all images have strict Weibull-shaped contrast distributions. The remaining percentage of images has a distribution close to Weibull or is highly regular. These images are typically composed of two (or more) parts in the image, each having a distinct Weibull contrast distribution. },
 title                = {A physical explanation for natural image statistics.},
 year                 = {2002},
 }
