% This file was created with JabRef 2.6.
% Encoding: Cp1252

@ARTICLE{brown2007word,
  author = {Brown, J. and Broderick, A.J. and Lee, N.},
  title = {{Word of mouth communication within online communities: Conceptualizing
	the online social network}},
  journal = {Journal of Interactive Marketing},
  year = {2007},
  volume = {21},
  pages = {2--20},
  number = {3},
  annote = {Homophily, interesting termp how much people are like others in network,
	otherwise more social web},
  publisher = {John Wiley \& Sons}
}

@ARTICLE{kontostathis2010text,
  author = {Kontostathis, A. and Edwards, L. and Leatherman, A.},
  title = {{Text Mining and Cybercrime}},
  year = {2010},
  annote = {Not relevant, social networks cyber crime}
}

@CONFERENCE{lampe2007familiar,
  author = {Lampe, C.A.C. and Ellison, N. and Steinfield, C.},
  title = {{A familiar face (book): profile elements as signals in an online
	social network}},
  booktitle = {Proceedings of the SIGCHI conference on Human factors in computing
	systems},
  year = {2007},
  pages = {444},
  organization = {ACM},
  annote = {looking at what fields filled out in your profile give you more friends(watch
	out causation vs correlation), GAMETHEORY NETWORKS SIGNALLING}
}

@CONFERENCE{marlow2006ht06,
  author = {Marlow, C. and Naaman, M. and Boyd, D. and Davis, M.},
  title = {{HT06, tagging paper, taxonomy, Flickr, academic article, to read}},
  booktitle = {Proceedings of the seventeenth conference on Hypertext and hypermedia},
  year = {2006},
  pages = {40},
  organization = {ACM},
  annote = {Tagging system flickr description of tagging systems}
}

@ARTICLE{ramirez-player,
  author = {Ramirez-Cano, D. and Colton, S. and Baumgarten, R.},
  title = {{Player Classification Using a Meta-Clustering Approach}},
  annote = {Social network analysis for the purpose of player type clustering
	in online social games. "social network analysis metrics, such as
	shortest path length, to social data to find clusters in the players'
	social network"}
}

@ARTICLE{rowe-harnessing,
  author = {Rowe, M. and Ciravegna, F.},
  title = {Harnessing the Social Web: The Science of Identity Disambiguation},
  annote = {Not relevant: Social Web, find references of to person in webpages}
}

@CONFERENCE{tokarchuk2009using,
  author = {Tokarchuk, L. and Shoop, K. and Ma, A.},
  title = {{Using co-presence communities to enhance social recommendation}},
  booktitle = {Proceedings of the Sixth international conference on Wireless On-Demand
	Network Systems and Services},
  year = {2009},
  pages = {157--160},
  organization = {Institute of Electrical and Electronics Engineers Inc., The},
  annote = {RECOMMENDATION ALGORITHM, SOCIAL NETWORK This paper proposes a social
	recommendation algorithm for use in a research social network environment,
	using co-presence with bluetooth }
}

@INPROCEEDINGS{SPIM_2010,
  author = {various},
  title = {SPIM_2010 1st Workshop on Semantic Personalized Information Management},
  annote = {Not relevant: Social Web, workshop multiple papers}
}

@ARTICLE{vaswani-towards,
  author = {Vaswani, G.},
  title = {{Towards a ‘Social Network’Perspective for Recommendation Systems}},
  annote = {RECCOMENDER SYSTEMS NETWORKING I argue that recommendation is essentially
	a social process and recommendation systems should be studied from
	‘social network perspective’. Collaborativefiltering approach which
	is most widely used recommendation approach is actually based on
	the social nature of recommendation activity. The ‘social network’
	viewpoint helps us understand the issues with recommendation systems
	in a new light and provides additional ‘contextual information’ to
	make more useful recommendations.}
}

